[gd_scene load_steps=5 format=2]

[ext_resource path="res://scripts/niveles/lvl1.gd" type="Script" id=1]
[ext_resource path="res://sprites/lvl1/icon.png" type="Texture" id=2]
[ext_resource path="res://escenas/enemigos/enemy_test/enemy.tscn" type="PackedScene" id=3]

[sub_resource type="RectangleShape2D" id=1]

custom_solver_bias = 0.0
extents = Vector2( 482.034, 130 )

[node name="Node2D" type="Node2D"]

script = ExtResource( 1 )

[node name="Sprite" type="Sprite" parent="." index="0"]

position = Vector2( 450, 300 )
z_index = -4096
texture = ExtResource( 2 )
_sections_unfolded = [ "Z Index" ]

[node name="enemy" parent="." index="1" instance=ExtResource( 3 )]

position = Vector2( 465, 283 )

[node name="enemy2" parent="." index="2" instance=ExtResource( 3 )]

position = Vector2( 730, 420 )

[node name="enemy3" parent="." index="3" instance=ExtResource( 3 )]

position = Vector2( 220, 430 )

[node name="CanvasLayer" type="CanvasLayer" parent="." index="4"]

editor/display_folded = true
layer = 1
offset = Vector2( 0, 0 )
rotation = 0.0
scale = Vector2( 1, 1 )
transform = Transform2D( 1, 0, 0, 1, 0, 0 )

[node name="Panel" type="Panel" parent="CanvasLayer" index="0"]

anchor_left = 0.0
anchor_top = 0.0
anchor_right = 0.0
anchor_bottom = 0.0
margin_right = 210.0
margin_bottom = 140.0
rect_pivot_offset = Vector2( 0, 0 )
mouse_filter = 0
mouse_default_cursor_shape = 0
size_flags_horizontal = 1
size_flags_vertical = 1

[node name="Label" type="Label" parent="CanvasLayer" index="1"]

anchor_left = 0.0
anchor_top = 0.0
anchor_right = 0.0
anchor_bottom = 0.0
margin_left = 10.0
margin_top = 10.0
margin_right = 50.0
margin_bottom = 24.0
rect_pivot_offset = Vector2( 0, 0 )
mouse_filter = 2
mouse_default_cursor_shape = 0
size_flags_horizontal = 1
size_flags_vertical = 4
percent_visible = 1.0
lines_skipped = 0
max_lines_visible = -1
_sections_unfolded = [ "Rect", "custom_fonts" ]

[node name="Node2D" type="Node2D" parent="." index="5"]

position = Vector2( 384, 321 )
_sections_unfolded = [ "Transform" ]

[node name="limite" type="Area2D" parent="." index="6"]

input_pickable = true
gravity_vec = Vector2( 0, 1 )
gravity = 98.0
linear_damp = 0.1
angular_damp = 1.0
collision_layer = 2
collision_mask = 2
audio_bus_override = false
audio_bus_name = "Master"
_sections_unfolded = [ "Collision", "Transform" ]

[node name="CollisionPolygon2D" type="CollisionPolygon2D" parent="limite" index="0"]

position = Vector2( -60, 0 )
build_mode = 0
polygon = PoolVector2Array( 1020, 310, 60, 310, 60, 570, 1020, 570, 1020, 660, -50, 660, -50, 210, 1020, 210 )
_sections_unfolded = [ "Transform" ]

[node name="battle_zone" type="Area2D" parent="." index="7"]

input_pickable = true
gravity_vec = Vector2( 0, 1 )
gravity = 98.0
linear_damp = 0.1
angular_damp = 1.0
audio_bus_override = false
audio_bus_name = "Master"

[node name="CollisionShape2D" type="CollisionShape2D" parent="battle_zone" index="0"]

position = Vector2( 483.5, 440 )
scale = Vector2( 1.05076, 1 )
shape = SubResource( 1 )


