[gd_scene load_steps=70 format=2]

[ext_resource path="res://scripts/enemy/enemy_test.gd" type="Script" id=1]
[ext_resource path="res://sprites/player/jump/0.png" type="Texture" id=2]
[ext_resource path="res://sprites/player/jump/1.png" type="Texture" id=3]
[ext_resource path="res://sprites/player/jump/2.png" type="Texture" id=4]
[ext_resource path="res://sprites/enemigos/estudiante1/knockback/estudiante0014.png" type="Texture" id=5]
[ext_resource path="res://sprites/player/combo3/4.png" type="Texture" id=6]
[ext_resource path="res://sprites/player/combo3/5.png" type="Texture" id=7]
[ext_resource path="res://sprites/player/combo3/6.png" type="Texture" id=8]
[ext_resource path="res://sprites/player/combo3/7.png" type="Texture" id=9]
[ext_resource path="res://sprites/player/combo3/8.png" type="Texture" id=10]
[ext_resource path="res://sprites/player/combo3/9.png" type="Texture" id=11]
[ext_resource path="res://sprites/player/fall/3.png" type="Texture" id=12]
[ext_resource path="res://sprites/player/combo2/0.png" type="Texture" id=13]
[ext_resource path="res://sprites/player/combo2/1.png" type="Texture" id=14]
[ext_resource path="res://sprites/player/combo2/2.png" type="Texture" id=15]
[ext_resource path="res://sprites/player/combo2/3.png" type="Texture" id=16]
[ext_resource path="res://sprites/enemigos/estudiante1/punch/estudiante0006.png" type="Texture" id=17]
[ext_resource path="res://sprites/enemigos/estudiante1/punch/estudiante0007.png" type="Texture" id=18]
[ext_resource path="res://sprites/enemigos/estudiante1/punch/estudiante0008.png" type="Texture" id=19]
[ext_resource path="res://sprites/enemigos/estudiante1/punch/estudiante0009.png" type="Texture" id=20]
[ext_resource path="res://sprites/enemigos/estudiante1/punch/estudiante0010.png" type="Texture" id=21]
[ext_resource path="res://sprites/enemigos/estudiante1/punch/estudiante0011.png" type="Texture" id=22]
[ext_resource path="res://sprites/enemigos/estudiante1/move/estudiante0001.png" type="Texture" id=23]
[ext_resource path="res://sprites/enemigos/estudiante1/move/estudiante0002.png" type="Texture" id=24]
[ext_resource path="res://sprites/enemigos/estudiante1/move/estudiante0003.png" type="Texture" id=25]
[ext_resource path="res://sprites/enemigos/estudiante1/move/estudiante0004.png" type="Texture" id=26]
[ext_resource path="res://sprites/enemigos/estudiante1/move/estudiante0005.png" type="Texture" id=27]
[ext_resource path="res://sprites/enemigos/estudiante1/move/estudiante0000.png" type="Texture" id=28]
[ext_resource path="res://sprites/player/hit/0.png" type="Texture" id=29]
[ext_resource path="res://sprites/enemigos/estudiante1/stand/estudiante0015.png" type="Texture" id=30]
[ext_resource path="res://sprites/enemigos/estudiante1/stand/estudiante0016.png" type="Texture" id=31]
[ext_resource path="res://sprites/enemigos/estudiante1/stand/estudiante0017.png" type="Texture" id=32]
[ext_resource path="res://sprites/enemigos/estudiante1/stand/estudiante0018.png" type="Texture" id=33]
[ext_resource path="res://addons/godot-behavior-tree-plugin/blackboard.gd" type="Script" id=34]
[ext_resource path="res://addons/godot-behavior-tree-plugin/blackboard_icon.png" type="Texture" id=35]
[ext_resource path="res://addons/godot-behavior-tree-plugin/sequence.gd" type="Script" id=36]
[ext_resource path="res://addons/godot-behavior-tree-plugin/sequence_icon.png" type="Texture" id=37]
[ext_resource path="res://scripts/enemy/ai/enemy_test/isEvading.gd" type="Script" id=38]
[ext_resource path="res://addons/godot-behavior-tree-plugin/condition_icon.png" type="Texture" id=39]
[ext_resource path="res://addons/godot-behavior-tree-plugin/selector.gd" type="Script" id=40]
[ext_resource path="res://addons/godot-behavior-tree-plugin/selector_icon.png" type="Texture" id=41]
[ext_resource path="res://scripts/enemy/ai/enemy_test/isInDangerr.gd" type="Script" id=42]
[ext_resource path="res://scripts/enemy/ai/enemy_test/findEvTarget.gd" type="Script" id=43]
[ext_resource path="res://addons/godot-behavior-tree-plugin/action_icon.png" type="Texture" id=44]
[ext_resource path="res://scripts/enemy/ai/enemy_test/isOnTarget.gd" type="Script" id=45]
[ext_resource path="res://addons/godot-behavior-tree-plugin/wait.gd" type="Script" id=46]
[ext_resource path="res://scripts/enemy/ai/enemy_test/setNotEvading.gd" type="Script" id=47]
[ext_resource path="res://scripts/enemy/ai/enemy_test/Move.gd" type="Script" id=48]
[ext_resource path="res://scripts/enemy/ai/enemy_test/isPlayerInRange.gd" type="Script" id=49]
[ext_resource path="res://addons/godot-behavior-tree-plugin/inverter.gd" type="Script" id=50]
[ext_resource path="res://addons/godot-behavior-tree-plugin/inverter_icon.png" type="Texture" id=51]
[ext_resource path="res://scripts/enemy/ai/enemy_test/findTarget.gd" type="Script" id=52]
[ext_resource path="res://scripts/enemy/ai/enemy_test/setEvading.gd" type="Script" id=53]
[ext_resource path="res://addons/godot-behavior-tree-plugin/behavior_tree.gd" type="Script" id=54]
[ext_resource path="res://addons/godot-behavior-tree-plugin/root_icon.png" type="Texture" id=55]
[ext_resource path="res://scripts/enemy/ai/enemy_test/isAttackState.gd" type="Script" id=56]
[ext_resource path="res://scripts/enemy/ai/enemy_test/canAttack.gd" type="Script" id=57]
[ext_resource path="res://scripts/enemy/ai/enemy_test/setMirroring.gd" type="Script" id=58]
[ext_resource path="res://scripts/enemy/ai/enemy_test/combo1Action.gd" type="Script" id=59]
[ext_resource path="res://scripts/enemy/ai/enemy_test/ChangeState.gd" type="Script" id=60]
[ext_resource path="res://scripts/enemy/ai/enemy_test/isRandomMove.gd" type="Script" id=61]
[ext_resource path="res://scripts/enemy/ai/enemy_test/findRandomTarget.gd" type="Script" id=62]

[sub_resource type="RectangleShape2D" id=1]

custom_solver_bias = 0.0
extents = Vector2( 20, 40 )

[sub_resource type="SpriteFrames" id=2]

animations = [ {
"frames": [ ExtResource( 2 ), ExtResource( 3 ), ExtResource( 4 ) ],
"loop": true,
"name": "jump",
"speed": 5.0
}, {
"frames": [ ExtResource( 5 ) ],
"loop": true,
"name": "knockback",
"speed": 5.0
}, {
"frames": [ ExtResource( 6 ), ExtResource( 7 ), ExtResource( 8 ), ExtResource( 9 ), ExtResource( 10 ), ExtResource( 11 ) ],
"loop": true,
"name": "combo_3",
"speed": 5.0
}, {
"frames": [ ExtResource( 12 ) ],
"loop": true,
"name": "fall",
"speed": 5.0
}, {
"frames": [ ExtResource( 13 ), ExtResource( 14 ), ExtResource( 15 ), ExtResource( 16 ) ],
"loop": true,
"name": "combo_2",
"speed": 5.0
}, {
"frames": [ ExtResource( 17 ), ExtResource( 18 ), ExtResource( 19 ), ExtResource( 20 ), ExtResource( 21 ), ExtResource( 22 ) ],
"loop": true,
"name": "combo_1",
"speed": 5.0
}, {
"frames": [ ExtResource( 23 ), ExtResource( 24 ), ExtResource( 25 ), ExtResource( 26 ), ExtResource( 27 ), ExtResource( 28 ) ],
"loop": true,
"name": "run",
"speed": 5.0
}, {
"frames": [ ExtResource( 29 ) ],
"loop": true,
"name": "hit",
"speed": 5.0
}, {
"frames": [ ExtResource( 30 ), ExtResource( 31 ), ExtResource( 32 ), ExtResource( 33 ) ],
"loop": true,
"name": "stand",
"speed": 5.0
}, {
"frames": [ ExtResource( 28 ) ],
"loop": true,
"name": "idle",
"speed": 5.0
} ]
_sections_unfolded = [ "Resource" ]

[sub_resource type="Animation" id=3]

resource_name = "combo1"
length = 0.6
loop = false
step = 0.1
tracks/0/type = "value"
tracks/0/path = NodePath(".:animation")
tracks/0/interp = 1
tracks/0/loop_wrap = true
tracks/0/imported = false
tracks/0/enabled = true
tracks/0/keys = {
"times": PoolRealArray( 0 ),
"transitions": PoolRealArray( 1 ),
"update": 1,
"values": [ "combo_1" ]
}
tracks/1/type = "value"
tracks/1/path = NodePath(".:frame")
tracks/1/interp = 1
tracks/1/loop_wrap = true
tracks/1/imported = false
tracks/1/enabled = true
tracks/1/keys = {
"times": PoolRealArray( 0, 0.2, 0.3, 0.4, 0.5, 0.6 ),
"transitions": PoolRealArray( 1, 1, 1, 1, 1, 1 ),
"update": 1,
"values": [ 0, 1, 2, 3, 4, 5 ]
}
tracks/2/type = "value"
tracks/2/path = NodePath(".:position")
tracks/2/interp = 1
tracks/2/loop_wrap = true
tracks/2/imported = false
tracks/2/enabled = true
tracks/2/keys = {
"times": PoolRealArray( 0 ),
"transitions": PoolRealArray( 1 ),
"update": 1,
"values": [ Vector2( 16, -11 ) ]
}

[sub_resource type="Animation" id=4]

resource_name = "idle"
length = 2.0
loop = true
step = 0.1
tracks/0/type = "value"
tracks/0/path = NodePath(".:animation")
tracks/0/interp = 1
tracks/0/loop_wrap = true
tracks/0/imported = false
tracks/0/enabled = true
tracks/0/keys = {
"times": PoolRealArray( 0 ),
"transitions": PoolRealArray( 1 ),
"update": 1,
"values": [ "idle" ]
}
tracks/1/type = "value"
tracks/1/path = NodePath(".:frame")
tracks/1/interp = 1
tracks/1/loop_wrap = true
tracks/1/imported = false
tracks/1/enabled = true
tracks/1/keys = {
"times": PoolRealArray( 0 ),
"transitions": PoolRealArray( 1 ),
"update": 0,
"values": [ 0 ]
}
tracks/2/type = "value"
tracks/2/path = NodePath(".:position")
tracks/2/interp = 1
tracks/2/loop_wrap = true
tracks/2/imported = false
tracks/2/enabled = true
tracks/2/keys = {
"times": PoolRealArray( 0 ),
"transitions": PoolRealArray( 1 ),
"update": 0,
"values": [ Vector2( 15, -11 ) ]
}

[sub_resource type="Animation" id=5]

resource_name = "knockback"
length = 0.4
loop = false
step = 0.1
tracks/0/type = "value"
tracks/0/path = NodePath(".:animation")
tracks/0/interp = 1
tracks/0/loop_wrap = true
tracks/0/imported = false
tracks/0/enabled = true
tracks/0/keys = {
"times": PoolRealArray( 0 ),
"transitions": PoolRealArray( 1 ),
"update": 1,
"values": [ "knockback" ]
}
tracks/1/type = "value"
tracks/1/path = NodePath(".:position")
tracks/1/interp = 1
tracks/1/loop_wrap = true
tracks/1/imported = false
tracks/1/enabled = true
tracks/1/keys = {
"times": PoolRealArray( 0 ),
"transitions": PoolRealArray( 1 ),
"update": 0,
"values": [ Vector2( 17, -11 ) ]
}

[sub_resource type="Animation" id=6]

length = 0.8
loop = true
step = 0.1
tracks/0/type = "value"
tracks/0/path = NodePath(".:animation")
tracks/0/interp = 1
tracks/0/loop_wrap = true
tracks/0/imported = false
tracks/0/enabled = true
tracks/0/keys = {
"times": PoolRealArray( 0 ),
"transitions": PoolRealArray( 1 ),
"update": 1,
"values": [ "run" ]
}
tracks/1/type = "value"
tracks/1/path = NodePath(".:frame")
tracks/1/interp = 1
tracks/1/loop_wrap = true
tracks/1/imported = false
tracks/1/enabled = true
tracks/1/keys = {
"times": PoolRealArray( 0, 0.2, 0.4, 0.6, 0.8 ),
"transitions": PoolRealArray( 1, 1, 1, 1, 1 ),
"update": 1,
"values": [ 0, 1, 2, 3, 4 ]
}
tracks/2/type = "value"
tracks/2/path = NodePath(".:position")
tracks/2/interp = 1
tracks/2/loop_wrap = true
tracks/2/imported = false
tracks/2/enabled = true
tracks/2/keys = {
"times": PoolRealArray( 0 ),
"transitions": PoolRealArray( 1 ),
"update": 1,
"values": [ Vector2( 14, -11 ) ]
}

[sub_resource type="Animation" id=7]

resource_name = "stand"
length = 1.0
loop = false
step = 0.1
tracks/0/type = "value"
tracks/0/path = NodePath(".:animation")
tracks/0/interp = 1
tracks/0/loop_wrap = true
tracks/0/imported = false
tracks/0/enabled = true
tracks/0/keys = {
"times": PoolRealArray( 0 ),
"transitions": PoolRealArray( 1 ),
"update": 1,
"values": [ "stand" ]
}
tracks/1/type = "value"
tracks/1/path = NodePath(".:position")
tracks/1/interp = 1
tracks/1/loop_wrap = true
tracks/1/imported = false
tracks/1/enabled = true
tracks/1/keys = {
"times": PoolRealArray( 0 ),
"transitions": PoolRealArray( 1 ),
"update": 1,
"values": [ Vector2( 18, -2 ) ]
}
tracks/2/type = "value"
tracks/2/path = NodePath(".:frame")
tracks/2/interp = 1
tracks/2/loop_wrap = true
tracks/2/imported = false
tracks/2/enabled = true
tracks/2/keys = {
"times": PoolRealArray( 0, 0.5, 0.7, 0.9 ),
"transitions": PoolRealArray( 1, 1, 1, 1 ),
"update": 1,
"values": [ 0, 1, 2, 3 ]
}
tracks/3/type = "method"
tracks/3/path = NodePath("../..")
tracks/3/interp = 1
tracks/3/loop_wrap = true
tracks/3/imported = false
tracks/3/enabled = true
tracks/3/keys = {
"times": PoolRealArray( 1 ),
"transitions": PoolRealArray( 1 ),
"values": [ {
"args": [  ],
"method": "activate"
} ]
}

[node name="enemy" type="KinematicBody2D" index="0" groups=[
"sortable",
"basic_enemy",
]]

position = Vector2( 330, 380 )
input_pickable = false
collision_layer = 4
collision_mask = 1024
collision/safe_margin = 0.08
script = ExtResource( 1 )
_sections_unfolded = [ "Collision", "Transform", "Z Index" ]

[node name="CollisionShape2D" type="CollisionShape2D" parent="." index="0"]

shape = SubResource( 1 )

[node name="container" type="Node2D" parent="." index="1"]

_sections_unfolded = [ "Transform" ]

[node name="EnemySprite" type="AnimatedSprite" parent="container" index="0"]

position = Vector2( 18, -2 )
scale = Vector2( 1.5, 1.5 )
frames = SubResource( 2 )
animation = "stand"
frame = 3
_sections_unfolded = [ "Transform" ]

[node name="EnemyAnim" type="AnimationPlayer" parent="container/EnemySprite" index="0"]

root_node = NodePath("..")
autoplay = "idle"
playback_process_mode = 1
playback_default_blend_time = 0.0
playback_speed = 1.2
anims/combo1 = SubResource( 3 )
anims/idle = SubResource( 4 )
anims/knockback = SubResource( 5 )
anims/move = SubResource( 6 )
anims/stand = SubResource( 7 )
blend_times = [  ]
_sections_unfolded = [ "Playback Options" ]

[node name="BehaviorBlackboard" type="Node" parent="." index="2"]

script = ExtResource( 34 )
__meta__ = {
"_editor_icon": ExtResource( 35 )
}

[node name="VisibilityNotifier2D" type="VisibilityNotifier2D" parent="." index="3"]

position = Vector2( -20, -40 )
rect = Rect2( 0, 0, 40, 80 )
_sections_unfolded = [ "Transform" ]

[node name="evading" type="Node" parent="." index="4"]

editor/display_folded = true
script = ExtResource( 36 )
__meta__ = {
"_editor_icon": ExtResource( 37 )
}

[node name="isEvading" type="Node" parent="evading" index="0"]

script = ExtResource( 38 )
__meta__ = {
"_editor_icon": ExtResource( 39 )
}

[node name="BehaviorSelector" type="Node" parent="evading" index="1"]

script = ExtResource( 40 )
__meta__ = {
"_editor_icon": ExtResource( 41 )
}

[node name="BehaviorSequence" type="Node" parent="evading/BehaviorSelector" index="0"]

script = ExtResource( 36 )
__meta__ = {
"_editor_icon": ExtResource( 37 )
}

[node name="isInDangerr" type="Node" parent="evading/BehaviorSelector/BehaviorSequence" index="0"]

script = ExtResource( 42 )
__meta__ = {
"_editor_icon": ExtResource( 39 )
}

[node name="findEvTarget" type="Node" parent="evading/BehaviorSelector/BehaviorSequence" index="1"]

script = ExtResource( 43 )
__meta__ = {
"_editor_icon": ExtResource( 44 )
}

[node name="BehaviorSequence2" type="Node" parent="evading/BehaviorSelector" index="1"]

script = ExtResource( 36 )
__meta__ = {
"_editor_icon": ExtResource( 37 )
}

[node name="isOnTarget3" type="Node" parent="evading/BehaviorSelector/BehaviorSequence2" index="0"]

script = ExtResource( 45 )
__meta__ = {
"_editor_icon": ExtResource( 39 )
}

[node name="BehaviorWait" type="Node" parent="evading/BehaviorSelector/BehaviorSequence2" index="1"]

script = ExtResource( 46 )
__meta__ = {
"_editor_icon": ExtResource( 44 )
}
wait_time = 0.5

[node name="setNotEvading" type="Node" parent="evading/BehaviorSelector/BehaviorSequence2" index="2"]

script = ExtResource( 47 )
__meta__ = {
"_editor_icon": ExtResource( 44 )
}

[node name="moveAction2" type="Node" parent="evading/BehaviorSelector" index="2"]

script = ExtResource( 48 )
__meta__ = {
"_editor_icon": ExtResource( 44 )
}

[node name="move" type="Node" parent="." index="5"]

editor/display_folded = true
script = ExtResource( 36 )
__meta__ = {
"_editor_icon": ExtResource( 37 )
}

[node name="BehaviorSelector" type="Node" parent="move" index="0"]

script = ExtResource( 40 )
__meta__ = {
"_editor_icon": ExtResource( 41 )
}

[node name="isPlayerInRange2" type="Node" parent="move/BehaviorSelector" index="0"]

script = ExtResource( 49 )
__meta__ = {
"_editor_icon": ExtResource( 39 )
}

[node name="BehaviorInverter" type="Node" parent="move/BehaviorSelector" index="1"]

script = ExtResource( 50 )
__meta__ = {
"_editor_icon": ExtResource( 51 )
}

[node name="isOnTarget2" type="Node" parent="move/BehaviorSelector/BehaviorInverter" index="0"]

script = ExtResource( 45 )
__meta__ = {
"_editor_icon": ExtResource( 39 )
}

[node name="findTarget" type="Node" parent="move/BehaviorSelector" index="2"]

script = ExtResource( 52 )
__meta__ = {
"_editor_icon": ExtResource( 44 )
}

[node name="BehaviorSequence2" type="Node" parent="move" index="1"]

script = ExtResource( 36 )
__meta__ = {
"_editor_icon": ExtResource( 37 )
}

[node name="BehaviorInverter" type="Node" parent="move/BehaviorSequence2" index="0"]

script = ExtResource( 50 )
__meta__ = {
"_editor_icon": ExtResource( 51 )
}

[node name="isOnTarget" type="Node" parent="move/BehaviorSequence2/BehaviorInverter" index="0"]

script = ExtResource( 45 )
__meta__ = {
"_editor_icon": ExtResource( 39 )
}

[node name="BehaviorSelector" type="Node" parent="move/BehaviorSequence2" index="1"]

script = ExtResource( 40 )
__meta__ = {
"_editor_icon": ExtResource( 41 )
}

[node name="BehaviorSequence" type="Node" parent="move/BehaviorSequence2/BehaviorSelector" index="0"]

editor/display_folded = true
script = ExtResource( 36 )
__meta__ = {
"_editor_icon": ExtResource( 37 )
}

[node name="isInDangerr2" type="Node" parent="move/BehaviorSequence2/BehaviorSelector/BehaviorSequence" index="0"]

script = ExtResource( 42 )
__meta__ = {
"_editor_icon": ExtResource( 39 )
}

[node name="setEvading" type="Node" parent="move/BehaviorSequence2/BehaviorSelector/BehaviorSequence" index="1"]

script = ExtResource( 53 )
__meta__ = {
"_editor_icon": ExtResource( 44 )
}

[node name="moveAction" type="Node" parent="move/BehaviorSequence2/BehaviorSelector" index="1"]

script = ExtResource( 48 )
__meta__ = {
"_editor_icon": ExtResource( 44 )
}

[node name="BehaviorTree" type="Node" parent="." index="6"]

script = ExtResource( 54 )
__meta__ = {
"_editor_icon": ExtResource( 55 )
}

[node name="BehaviorSelector" type="Node" parent="BehaviorTree" index="0"]

script = ExtResource( 40 )
__meta__ = {
"_editor_icon": ExtResource( 41 )
}

[node name="attackState" type="Node" parent="BehaviorTree/BehaviorSelector" index="0"]

script = ExtResource( 36 )
__meta__ = {
"_editor_icon": ExtResource( 37 )
}

[node name="isAttackState" type="Node" parent="BehaviorTree/BehaviorSelector/attackState" index="0"]

script = ExtResource( 56 )
__meta__ = {
"_editor_icon": ExtResource( 39 )
}

[node name="attk" type="Node" parent="BehaviorTree/BehaviorSelector/attackState" index="1"]

script = ExtResource( 40 )
__meta__ = {
"_editor_icon": ExtResource( 41 )
}

[node name="move" type="Node" parent="BehaviorTree/BehaviorSelector/attackState/attk" index="0"]

script = ExtResource( 36 )
__meta__ = {
"_editor_icon": ExtResource( 37 )
}

[node name="BehaviorSelector" type="Node" parent="BehaviorTree/BehaviorSelector/attackState/attk/move" index="0"]

script = ExtResource( 40 )
__meta__ = {
"_editor_icon": ExtResource( 41 )
}

[node name="isPlayerInRange2" type="Node" parent="BehaviorTree/BehaviorSelector/attackState/attk/move/BehaviorSelector" index="0"]

script = ExtResource( 49 )
__meta__ = {
"_editor_icon": ExtResource( 39 )
}

[node name="BehaviorInverter" type="Node" parent="BehaviorTree/BehaviorSelector/attackState/attk/move/BehaviorSelector" index="1"]

script = ExtResource( 50 )
__meta__ = {
"_editor_icon": ExtResource( 51 )
}

[node name="isOnTarget2" type="Node" parent="BehaviorTree/BehaviorSelector/attackState/attk/move/BehaviorSelector/BehaviorInverter" index="0"]

script = ExtResource( 45 )
__meta__ = {
"_editor_icon": ExtResource( 39 )
}

[node name="findTarget" type="Node" parent="BehaviorTree/BehaviorSelector/attackState/attk/move/BehaviorSelector" index="2"]

script = ExtResource( 52 )
__meta__ = {
"_editor_icon": ExtResource( 44 )
}

[node name="BehaviorSequence2" type="Node" parent="BehaviorTree/BehaviorSelector/attackState/attk/move" index="1"]

script = ExtResource( 36 )
__meta__ = {
"_editor_icon": ExtResource( 37 )
}

[node name="BehaviorInverter" type="Node" parent="BehaviorTree/BehaviorSelector/attackState/attk/move/BehaviorSequence2" index="0"]

editor/display_folded = true
script = ExtResource( 50 )
__meta__ = {
"_editor_icon": ExtResource( 51 )
}

[node name="isOnTarget" type="Node" parent="BehaviorTree/BehaviorSelector/attackState/attk/move/BehaviorSequence2/BehaviorInverter" index="0"]

script = ExtResource( 45 )
__meta__ = {
"_editor_icon": ExtResource( 39 )
}

[node name="moveAction" type="Node" parent="BehaviorTree/BehaviorSelector/attackState/attk/move/BehaviorSequence2" index="1"]

script = ExtResource( 48 )
__meta__ = {
"_editor_icon": ExtResource( 44 )
}

[node name="attack" type="Node" parent="BehaviorTree/BehaviorSelector/attackState/attk" index="1"]

script = ExtResource( 36 )
__meta__ = {
"_editor_icon": ExtResource( 37 )
}

[node name="isPlayerInRange" type="Node" parent="BehaviorTree/BehaviorSelector/attackState/attk/attack" index="0"]

script = ExtResource( 49 )
__meta__ = {
"_editor_icon": ExtResource( 39 )
}

[node name="canAttack" type="Node" parent="BehaviorTree/BehaviorSelector/attackState/attk/attack" index="1"]

script = ExtResource( 57 )
__meta__ = {
"_editor_icon": ExtResource( 39 )
}

[node name="setMirroring" type="Node" parent="BehaviorTree/BehaviorSelector/attackState/attk/attack" index="2"]

script = ExtResource( 58 )
__meta__ = {
"_editor_icon": ExtResource( 44 )
}

[node name="attackAction" type="Node" parent="BehaviorTree/BehaviorSelector/attackState/attk/attack" index="3"]

script = ExtResource( 59 )
_sections_unfolded = [ "Pause" ]
__meta__ = {
"_editor_icon": ExtResource( 44 )
}

[node name="ChangeState2" type="Node" parent="BehaviorTree/BehaviorSelector/attackState/attk/attack" index="4"]

script = ExtResource( 60 )
__meta__ = {
"_editor_icon": ExtResource( 39 )
}

[node name="randomMoveState" type="Node" parent="BehaviorTree/BehaviorSelector" index="1"]

script = ExtResource( 36 )
__meta__ = {
"_editor_icon": ExtResource( 37 )
}

[node name="isRandomMoveState" type="Node" parent="BehaviorTree/BehaviorSelector/randomMoveState" index="0"]

script = ExtResource( 61 )
__meta__ = {
"_editor_icon": ExtResource( 39 )
}

[node name="BehaviorSelector" type="Node" parent="BehaviorTree/BehaviorSelector/randomMoveState" index="1"]

script = ExtResource( 40 )
__meta__ = {
"_editor_icon": ExtResource( 41 )
}

[node name="randomMove" type="Node" parent="BehaviorTree/BehaviorSelector/randomMoveState/BehaviorSelector" index="0"]

script = ExtResource( 36 )
__meta__ = {
"_editor_icon": ExtResource( 37 )
}

[node name="BehaviorSelector" type="Node" parent="BehaviorTree/BehaviorSelector/randomMoveState/BehaviorSelector/randomMove" index="0"]

script = ExtResource( 40 )
__meta__ = {
"_editor_icon": ExtResource( 41 )
}

[node name="BehaviorInverter" type="Node" parent="BehaviorTree/BehaviorSelector/randomMoveState/BehaviorSelector/randomMove/BehaviorSelector" index="0"]

script = ExtResource( 50 )
__meta__ = {
"_editor_icon": ExtResource( 51 )
}

[node name="isOnTarget" type="Node" parent="BehaviorTree/BehaviorSelector/randomMoveState/BehaviorSelector/randomMove/BehaviorSelector/BehaviorInverter" index="0"]

script = ExtResource( 45 )
__meta__ = {
"_editor_icon": ExtResource( 39 )
}

[node name="BehaviorSequence" type="Node" parent="BehaviorTree/BehaviorSelector/randomMoveState/BehaviorSelector/randomMove/BehaviorSelector" index="1"]

script = ExtResource( 36 )
__meta__ = {
"_editor_icon": ExtResource( 37 )
}

[node name="BehaviorWait2" type="Node" parent="BehaviorTree/BehaviorSelector/randomMoveState/BehaviorSelector/randomMove/BehaviorSelector/BehaviorSequence" index="0"]

script = ExtResource( 46 )
__meta__ = {
"_editor_icon": ExtResource( 44 )
}
wait_time = 1.0

[node name="ChangeState" type="Node" parent="BehaviorTree/BehaviorSelector/randomMoveState/BehaviorSelector/randomMove/BehaviorSelector/BehaviorSequence" index="1"]

script = ExtResource( 60 )
__meta__ = {
"_editor_icon": ExtResource( 39 )
}

[node name="findRandomTarget" type="Node" parent="BehaviorTree/BehaviorSelector/randomMoveState/BehaviorSelector/randomMove/BehaviorSelector/BehaviorSequence" index="2"]

script = ExtResource( 62 )
__meta__ = {
"_editor_icon": ExtResource( 44 )
}

[node name="BehaviorInverter" type="Node" parent="BehaviorTree/BehaviorSelector/randomMoveState/BehaviorSelector/randomMove" index="1"]

script = ExtResource( 50 )
__meta__ = {
"_editor_icon": ExtResource( 51 )
}

[node name="isOnTarget" type="Node" parent="BehaviorTree/BehaviorSelector/randomMoveState/BehaviorSelector/randomMove/BehaviorInverter" index="0"]

script = ExtResource( 45 )
__meta__ = {
"_editor_icon": ExtResource( 39 )
}

[node name="moveAction" type="Node" parent="BehaviorTree/BehaviorSelector/randomMoveState/BehaviorSelector/randomMove" index="2"]

script = ExtResource( 48 )
__meta__ = {
"_editor_icon": ExtResource( 44 )
}


